@Book{Ham_1994,
  author = 	 {James D. Hamilton},
  title = 	 {Time Series Analysis},
  publisher = 	 {Princeton University Press},
  year = 	 1994,
}