@Book{AB11,
  title =	 {Dynare: Reference Manual, Version 4},
  author =	 {St{\'e}phane Adjemian and Houtan Bastani and Michel
                  Juillard and Fr{\'e}d{\'e}ric Karam{\'e} and Ferhat
                  Mihoubi and George Perendia and Johannes Pfeifer and
                  Marco Ratto and S{\'e}bastien Villemot},
  publisher =	 {CEPREMAP},
  series =	 {Dynare Working Papers, 1},
  year =	 2011
}

@article{An94,
  title =	 {Empirical Process Methods in Econometrics},
  author =	 {Andrews, Donald W.K.},
  journal =	 {Handbook of Econometrics},
  volume =	 4,
  pages =	 {2247-2294},
  year =	 1994,
  publisher =	 {Elsevier}
}

@article{BBS09,
  title =	 {The Formal Definition of Reference Priors},
  author =	 {Berger, James O. and Bernardo, Jos{\'e} M and Sun,
                  Dongchu},
  journal =	 {Annals of Statistics},
  pages =	 {905-938},
  year =	 2009,
}

@Book{BD91,
  title =	 {Time Series: Theory and Methods},
  author =	 {Brockwell, Peter J. and Davis, Richard A.},
  year =	 1991,
  edition =	 {Second},
  publisher =	 {Springer}
}

@article{BY94,
  title =	 {Noninformative Priors and {B}ayesian Testing for the
                  {AR}(1) Model},
  author =	 {Berger, James O. and Yang, Ruo-Yong},
  journal =	 {Econometric Theory},
  volume =	 10,
  number =	 {3-4},
  pages =	 {461-482},
  year =	 1994,
}

@article{Be79,
  title =	 {Reference Posterior Distributions for {B}ayesian
                  Inference},
  author =	 {Bernardo, Jose M.},
  journal =	 {Journal of the Royal Statistical Society. Series B
                  (Methodological)},
  pages =	 {113-147},
  year =	 1979,
}

@Book{Bi95,
  title =	 {Probability and Measure},
  author =	 {Billingsley, Patrick},
  year =	 1995,
  edition =	 {Third},
  publisher =	 {Wiley}
}

@Book{Bi99,
  title =	 {Convergence of Probability Measures},
  author =	 {Billingsley, Patrick},
  year =	 1999,
  edition =	 {Second},
  publisher =	 {Wiley}
}

@article{CEE99,
  title =	 {Monetary Policy Shocks: What Have We Learned and to
                  What End?},
  author =	 {Christiano, Lawrence J. and Eichenbaum, Martin and
                  Evans, Charles L.},
  journal =	 {Handbook of Macroeconomics},
  volume =	 1,
  pages =	 {65-148},
  year =	 1999,
  publisher =	 {Elsevier}
}

@Misc{CF11,
  author =	 {Lawrence Christiano and Jes{\'u}s
                  Fern{\'a}ndez-Villaverde},
  title =	 {{NBER} Summer Institute Methods Lectures:
                  Computational Tools \& Macroeconomic Applications},
  howpublished = {Video and slides available at
                  \url{http://www.nber.org/minicourse_2011.html}},
  month =	 {July},
  year =	 2011
}

@book{Ca07,
  title =	 {Methods for Applied Macroeconomic Research},
  author =	 {Canova, Fabio},
  year =	 2007,
  publisher =	 {Princeton University Press}
}

@book{DD11,
  title =	 {Structural Macroeconometrics},
  author =	 {DeJong, David N. and Dave, Chetan},
  year =	 2011,
  edition =	 {second},
  publisher =	 {Princeton University Press}
}

@incollection{DS11,
  title =	 {Bayesian Macroeconometrics},
  author =	 {Del Negro, Marco and Schorfheide, Frank},
  booktitle =	 {The Oxford Handbook of Bayesian Econometrics},
  pages =	 {293-389},
  publisher =	 {Oxford University Press},
  year =	 2011
}

@InCollection{Da13,
  author =	 {James Davidson},
  title =	 {Cointegration and Error Correction},
  booktitle =	 {Handbook of Research Methods and Applications in
                  Empirical Macroeconomics},
  publisher =	 {Edward Elgar Publishing},
  year =	 2013,
  editor =	 {Hashimzade, Nigar and Thornton, Michael A.},
  pages =	 {165-188}
}

@Book{Da94,
  title =	 {Stochastic Limit Theory: An Introduction for
                  Econometricians},
  author =	 {Davidson, James},
  year =	 1994,
  publisher =	 {Oxford University Press}
}

@Book{Do94,
  title =	 {Mixing},
  author =	 {Doukhan, Paul},
  year =	 1994,
  publisher =	 {Springer}
}

@article{EG87,
  title =	 {Co-integration and error correction: representation,
                  estimation, and testing},
  author =	 {Engle, Robert F. and Granger, Clive W.J.},
  journal =	 {Econometrica},
  pages =	 {251-276},
  year =	 1987,
}

@book{EGT06,
  editor =	 {Elliott, Graham and Granger, Clive and Timmermann,
                  Allan},
  title =	 {Handbook of Economic Forecasting},
  volume =	 1,
  year =	 2006,
  publisher =	 {Elsevier}
}

@Article{ET08,
  author =	 {Elliott, Graham and Timmermann, Allan},
  title =	 {Economic Forecasting},
  journal =	 {Journal of Economic Literature},
  year =	 2008,
  month =	 {March},
  volume =	 46,
  number =	 1,
}

@book{ET13,
  editor =	 {Elliott, Graham and Timmermann, Allan},
  title =	 {Handbook of Economic Forecasting},
  volume =	 2,
  year =	 2006,
  publisher =	 {Elsevier}
}

@article{FP11,
  title =	 {Sign Restrictions in {S}tructural {V}ector
                  {A}utoregressions: A Critical Review},
  author =	 {Fry, Renee and Pagan, Adrian},
  journal =	 {Journal of Economic Literature},
  volume =	 49,
  number =	 4,
  pages =	 {938-960},
  year =	 2011,
}

@Article{FR07,
  title =	 {{ABC}s (and {D}s) of Understanding {VAR}s},
  author =	 {Fern{\'a}ndez-Villaverde, Jes{\'u}s and
                  Rubio-Ram{\'\i}rez, Juan F. and Sargent, Thomas
                  J. and Watson, Mark W.},
  journal =	 {American Economic Review, Papers and Proceedings},
  pages =	 {1021-1026},
  month =	 {June},
  year =	 2007,
}

@article{FV10,
  title =	 {The econometrics of {DSGE} models},
  author =	 {Fern{\'a}ndez-Villaverde, Jes{\'u}s},
  journal =	 {SERIEs},
  volume =	 1,
  number =	 {1-2},
  pages =	 {3-49},
  year =	 2010,
  publisher =	 {Springer}
}

@Book{GC13,
  title =	 {Bayesian Data Analysis},
  author =	 {Gelman, Andrew and Carlin, John B. and Stern, Hal
                  S. and Dunson, David B. and Vehtari, Aki and Rubin,
                  Donald B.},
  year =	 2013,
  edition =	 {3rd},
  publisher =	 {Chapman Hall}
}

@article{GN74,
  title =	 {Spurious regressions in econometrics},
  author =	 {Granger, Clive WJ and Newbold, Paul},
  journal =	 {Journal of Econometrics},
  volume =	 2,
  number =	 2,
  pages =	 {111-120},
  year =	 1974,
}

@article{GS10,
  title =	 {The Sequential Rejection Principle of Familywise
                  Error Control},
  author =	 {Goeman, Jelle J. and Solari, Aldo},
  journal =	 {The Annals of Statistics},
  volume =	 38,
  number =	 6,
  pages =	 {3782-3810},
  year =	 2010
}

@Book{Ga97,
  author =	 {A. Ronald Gallant},
  title =	 {An Introduction to Econometric Theory},
  publisher =	 {Princeton University Press},
  year =	 1997
}

@Book{Gew10,
  title =	 {Complete and Incomplete Econometric Models},
  author =	 {Geweke, John},
  series =	 {The Econometric and Tinbergen Institutes Lectures},
  pages =	 176,
  year =	 2010,
  publisher =	 {Princeton University Press},
}

@Book{Gr08,
  author =	 {William H. Greene},
  title =	 {Econometric Analysis},
  publisher =	 {Prentice Hall},
  year =	 2008,
  edition =	 {6th}
}

@Book{Gr12,
  author =	 {William H. Greene},
  title =	 {Econometric Analysis},
  publisher =	 {Prentice Hall},
  year =	 2012,
  edition =	 {7th}
}

@Book{HH80,
  author =	 {Hall, P. and Heyde, C.C.},
  title =	 {Martingale Limit Theory and its Application},
  publisher =	 {Academic Press},
  year =	 1980
}

@book{HT13,
  title =	 {Handbook of Research Methods and Applications in
                  Empirical Macroeconomics},
  publisher =	 {Edward Elgar Publishing},
  year =	 2013,
  editor =	 {Hashimzade, Nigar and Thornton, Michael A.},
}

@Book{Ha00,
  author =	 {Fumio Hayashi},
  title =	 {Econometrics},
  publisher =	 {Princeton University Press},
  year =	 2000
}

@article{Ha05,
  title =	 {A Test for Superior Predictive Ability},
  author =	 {Hansen, Peter Reinhard},
  journal =	 {Journal of Business \& Economic Statistics},
  volume =	 23,
  number =	 4,
  year =	 2005
}

@misc{Ha13,
  author =	 {Hansen, Lars Peter},
  title =	 {Uncertainty Outside and Inside Economic Models},
  year =	 2013,
  month =	 {December},
  institution =	 {Nobel Prize Committee},
  type =	 {Nobel Prize in Economics documents},
  url =		 {http://ideas.repec.org/p/ris/nobelp/2013_007.html},
  number =	 {2013-7},
  abstract =	 {Lars Peter Hansen delivered his Prize Lecture on 8
                  December 2013 at Aula Magna, Stockholm University.},
  keywords =	 {Asset Pricing},
}

@Book{Ha94,
  author =	 {James D. Hamilton},
  title =	 {Time Series Analysis},
  publisher =	 {Princeton University Press},
  year =	 1994
}

@book{Jay03,
  title =	 {Probability Theory: The Logic of Science},
  author =	 {Jaynes, Edwin T.},
  year =	 2003,
  publisher =	 {Cambridge University Press}
}

@article{Jo88,
  title =	 {Statistical Analysis of Cointegration Vectors},
  author =	 {Johansen, S{\o}ren},
  journal =	 {Journal of Economic Dynamics and Control},
  volume =	 12,
  number =	 2,
  pages =	 {231-254},
  year =	 1988,
}

@article{Jo91,
  title =	 {Estimation and Hypothesis Testing of Cointegration
                  Vectors in {G}aussian Vector Autoregressive Models},
  author =	 {Johansen, S{\o}ren},
  journal =	 {Econometrica},
  pages =	 {1551-1580},
  year =	 1991,
}

@unpublished{KT13,
  title =	 {Default {B}ayesian Inference in a Class of Partially
                  Identified Models},
  author =	 {Kline, Brendan and Tamer, Elie},
  year =	 2013,
  note =	 {Manuscript, Northwestern University},
}

@InCollection{Ki13,
  author =	 {Lutz Kilian},
  title =	 {Structural {V}ector {A}utoregressions},
  booktitle =	 {Handbook of Research Methods and Applications in
                  Empirical Macroeconomics},
  publisher =	 {Edward Elgar Publishing},
  year =	 2013,
  editor =	 {Hashimzade, Nigar and Thornton, Michael A.},
  pages =	 {515-554}
}

@article{LP05,
  title =	 {Model Selection and Inference: Facts and Fiction},
  author =	 {Leeb, Hannes and P{\"o}tscher, Benedikt M.},
  journal =	 {Econometric Theory},
  volume =	 21,
  number =	 01,
  pages =	 {21-59},
  year =	 2005,
}

@Book{Lu06,
  author =	 {Helmut L{\"u}tkepohl},
  title =	 {New Introduction to Multiple Time Series Analysis},
  publisher =	 {Springer},
  year =	 2006
}

@Misc{MS08,
  author =	 {Anna Mikusheva},
  title =	 {Lecture Notes for Time Series Analysis ({MIT}
                  14.384)},
  note =	 {Available at
                  \url{http://ocw.mit.edu/courses/economics/14-384-time-series-analysis-fall-2013}. Licensed
                  under Creative Commons BY-NC-SA},
  year =	 2013
}

@article{MS12,
  title =	 {Bayesian and Frequentist Inference in Partially
                  Identified Models},
  author =	 {Moon, Hyungsik Roger and Schorfheide, Frank},
  journal =	 {Econometrica},
  volume =	 80,
  number =	 2,
  pages =	 {755-782},
  year =	 2012,
}

@article{Mik07,
  title =	 {Uniform Inference in Autoregressive Models},
  author =	 {Mikusheva, Anna},
  journal =	 {Econometrica},
  volume =	 75,
  number =	 5,
  pages =	 {1411-1452},
  year =	 2007,
}

@article{Mik12,
  title =	 {One-Dimensional Inference in Autoregressive Models
                  With the Potential Presence of a Unit Root},
  author =	 {Mikusheva, Anna},
  year =	 2012,
  journal =	 {Econometrica},
  volume =	 80,
  number =	 1,
  pages =	 {173-212},
}

@article{NM94,
  title =	 {Large Sample Estimation and Hypothesis Testing},
  author =	 {Newey, Whitney K. and McFadden, Daniel},
  journal =	 {Handbook of Econometrics},
  volume =	 4,
  pages =	 {2111-2245},
  year =	 1994,
  publisher =	 {Elsevier}
}

@Article{NW13,
  author =	 {Serena Ng and Jonathan H. Wright},
  title =	 {Facts and Challenges from the Great Recession for
                  Forecasting and Macroeconomic Modeling},
  journal =	 {Journal of Economic Literature},
  year =	 2013,
  volume =	 51,
  number =	 4,
  pages =	 {1120-1154},
  month =	 {December}
}

@article{No03,
  title =	 {The Prize in Economic Sciences 2003 --- Advanced
                  Information},
  author =	 {Committee, Nobel Prize},
  year =	 2003,
  journal =	 {Nobelprize.org},
  note =	 {Available at
                  \url{http://www.nobelprize.org/nobel_prizes/economic-sciences/laureates/2003/advanced-economicsciences2003.pdf}}
}

@misc{No11,
  author =	 {Committee, Nobel Prize},
  title =	 {Thomas J. Sargent and Christopher A. Sims: Empirical
                  Macroeconomics},
  year =	 2011,
  month =	 {October},
  institution =	 {Nobel Prize Committee},
  type =	 {Nobel Prize in Economics documents},
  url =		 {http://ideas.repec.org/p/ris/nobelp/2011_002.html},
  number =	 {2011-2},
}

@article{Ph91,
  title =	 {To Criticize the Critics: An Objective {B}ayesian
                  Analysis of Stochastic Trends},
  author =	 {Phillips, Peter C.B.},
  journal =	 {Journal of Applied Econometrics},
  volume =	 6,
  number =	 4,
  pages =	 {333-364},
  year =	 1991,
}

@article{Phi86,
  title =	 {Understanding spurious regressions in econometrics},
  author =	 {Phillips, Peter C.B.},
  journal =	 {Journal of Econometrics},
  volume =	 33,
  number =	 3,
  pages =	 {311-340},
  year =	 1986,
}

@article{RSW05,
  title =	 {Formalized data snooping based on generalized error
                  rates},
  author =	 {Romano, Joseph P. and Shaikh, Azeem M. and Wolf,
                  Michael},
  journal =	 {Econometric Theory},
  volume =	 24,
  number =	 2,
  pages =	 {404-447},
  year =	 2008,
}

@article{Ro08,
  title =	 {Testing Hypotheses in Order},
  author =	 {Rosenbaum, Paul R.},
  journal =	 {Biometrika},
  volume =	 95,
  number =	 1,
  pages =	 {248-252},
  year =	 2008,
}

@article{SSW90,
  title =	 {Inference in linear time series models with some
                  unit roots},
  author =	 {Sims, Christopher A and Stock, James H and Watson,
                  Mark W},
  journal =	 {Econometrica},
  pages =	 {113-144},
  year =	 1990,
}

@article{SW01,
  title =	 {Vector Autoregressions},
  author =	 {Stock, James H. and Watson, Mark W.},
  journal =	 {The Journal of Economic Perspectives},
  volume =	 15,
  number =	 4,
  pages =	 {101-115},
  year =	 2001,
}

@Misc{SW08,
  author =	 {James Stock and Mark Watson},
  title =	 {{NBER} Summer Institute Lectures: What's New in
                  Econometrics --- Time Series},
  howpublished = {Video and slides available at
                  \url{http://www.nber.org/minicourse_2008.html}},
  month =	 {July},
  year =	 2008
}

@article{Sa12,
  title =	 {Nobel Lecture: United States Then, Europe Now},
  author =	 {Sargent, Thomas J.},
  journal =	 {Journal of Political Economy},
  volume =	 120,
  number =	 1,
  pages =	 {1-40},
  year =	 2012,
}

@techreport{Sh14,
  title =	 {Speculative Asset Prices},
  author =	 {Shiller, Robert J.},
  year =	 2014,
  institution =	 {Cowles Foundation Discussion Paper\# 1936, Yale
                  University}
}

@Article{Si12,
  author =	 {Christopher A. Sims},
  title =	 {Statistical Modeling of Monetary Policy and Its
                  Effects},
  journal =	 {American Economic Review},
  year =	 2012,
  volume =	 102,
  number =	 4,
  pages =	 {1187-1205},
  month =	 {June},
}

@Article{Si80,
  title =	 {Macroeconomics and Reality},
  author =	 {Sims, Christopher A.},
  journal =	 {Econometrica},
  volume =	 48,
  number =	 1,
  pages =	 {1-48},
  year =	 1980
}

@article{Wa94,
  title =	 {Vector Autoregressions and Cointegration},
  author =	 {Watson, Mark W.},
  journal =	 {Handbook of Econometrics},
  volume =	 4,
  pages =	 {2843-2915},
  year =	 1994,
  publisher =	 {Elsevier}
}

@article{Wh00,
  title =	 {A Reality Check for Data Snooping},
  author =	 {White, Halbert},
  journal =	 {Econometrica},
  volume =	 68,
  number =	 5,
  pages =	 {1097-1126},
  year =	 2000,
}

@Book{Wh01,
  title =	 {Asymptotic Theory for Econometricians},
  author =	 {White, Halbert},
  year =	 2001,
  edition =	 {Revised},
  publisher =	 {Academic Press}
}

@Article{dJ97,
  title =	 {Central limit theorems for dependent heterogeneous
                  random variables},
  volume =	 13,
  number =	 3,
  journal =	 {Econometric Theory},
  author =	 {Robert M. de Jong},
  year =	 1997,
  pages =	 {353-367}
}

@Article{dJD00,
  title =	 {Consistency of kernel estimators of heteroscedastic
                  and autocorrelated covariance matrices},
  volume =	 68,
  number =	 2,
  journal =	 {Econometrica},
  author =	 {Robert M. de Jong and James Davidson},
  year =	 2000,
  pages =	 {407-423}
}

@Article{dJD00b,
  jstor_articletype ={research-article},
  title =	 {The Functional Central Limit Theorem and Weak
                  Convergence to Stochastic Integrals {I}: Weakly
                  Dependent Processes},
  author =	 {de Jong, Robert M. and Davidson, James},
  journal =	 {Econometric Theory},
  volume =	 16,
  number =	 5,
  pages =	 {621-642},
  year =	 2000,
}

@book{vdV00,
  author =	 {Aud W. van der Vaart},
  title =	 {Asymptotic statistics},
  series =	 {Cambridge Series in Statistical and Probabilistic
                  Mathematics},
  publisher =	 {Cambridge University Press},
  year =	 1998,
}
